<record><leader>00000cas a22000007a 4500</leader><controlfield tag="001">12094014</controlfield><controlfield tag="008">850530d19341936njuwr ne      0    0eng d</controlfield><datafield ind1=" " ind2=" " tag="010"><subfield code="a">sn 85035761 </subfield></datafield><datafield ind1=" " ind2=" " tag="040"><subfield code="a">NPA</subfield><subfield code="b">eng</subfield><subfield code="c">NPA</subfield><subfield code="d">NJW</subfield><subfield code="d">OCLCQ</subfield></datafield><datafield ind1=" " ind2=" " tag="042"><subfield code="a">msc</subfield></datafield><datafield ind1="0" ind2=" " tag="130"><subfield code="a">Phillipsburger and the Phillipsburg star (1934)</subfield></datafield><datafield ind1="1" ind2="4" tag="245"><subfield code="a">The Phillipsburger and the Phillipsburg star.</subfield></datafield><datafield ind1=" " ind2=" " tag="260"><subfield code="a">Phillipsburg, N.J. :</subfield><subfield code="b">E.H. Weller,</subfield><subfield code="c">1934-</subfield></datafield><datafield ind1=" " ind2=" " tag="300"><subfield code="a">v. :</subfield><subfield code="b">ill.</subfield></datafield><datafield ind1=" " ind2=" " tag="310"><subfield code="a">Weekly</subfield></datafield><datafield ind1="0" ind2=" " tag="362"><subfield code="a">Vol. 8, no. 19 (Aug. 10, 1934)-</subfield></datafield><datafield ind1="1" ind2=" " tag="362"><subfield code="a">Ceased in Nov. 1936.</subfield><subfield code="z">Cf. Wright, W.C. and Stellhorn, P.A. Direct. of N.J. newspapers.</subfield></datafield><datafield ind1=" " ind2=" " tag="530"><subfield code="a">Also issued on microfilm by Norton Micro Images.</subfield></datafield><datafield ind1=" " ind2=" " tag="580"><subfield code="a">Merged with: Washington star (Washington, N.J. : 1868); and: Hackettstown star, to form: Northwest Jersey daily star.</subfield></datafield><datafield ind1=" " ind2=" " tag="752"><subfield code="a">United States</subfield><subfield code="b">New Jersey</subfield><subfield code="c">Warren</subfield><subfield code="d">Phillipsburg.</subfield></datafield><datafield ind1="0" ind2="0" tag="780"><subfield code="t">Phillipsburg star</subfield><subfield code="w">(DLC)sn 85035760</subfield><subfield code="w">(OCoLC)12094005</subfield></datafield><datafield ind1="1" ind2="7" tag="785"><subfield code="t">Washington star (Washington, N.J. : 1868)</subfield><subfield code="w">(DLC)sn 84026277</subfield><subfield code="w">(OCoLC)10370748</subfield></datafield><datafield ind1="1" ind2="7" tag="785"><subfield code="t">Hackettstown star</subfield></datafield><datafield ind1="1" ind2="7" tag="785"><subfield code="t">Northwest Jersey daily star</subfield><subfield code="w">(DLC)sn 85035762</subfield><subfield code="w">(OCoLC)12094039</subfield></datafield></record>